<?xml version="1.0" encoding="UTF-8"?><collection xmlns="http://www.loc.gov/MARC21/slim"><record><leader>00731nam--2200193-i-4500</leader><controlfield tag="001">000045075</controlfield><controlfield tag="002">20161230</controlfield><controlfield tag="005">20161230201044</controlfield><controlfield tag="008">060222s1000------------r-----000-0-eng-d</controlfield><datafield ind1=" " ind2=" " tag="040"><subfield code="a">IFIN-HH</subfield></datafield><datafield ind1=" " ind2=" " tag="080"><subfield code="a">539.12.04:615.9</subfield></datafield><datafield ind1="1" ind2=" " tag="100"><subfield code="a">Letavet, A.A</subfield></datafield><datafield ind1="1" ind2="0" tag="245"><subfield code="a">The toxicology of radioactive substances</subfield><subfield code="b">Vol.1: strontium, caesium, ruthenium, radon; translation edited by elizabeth lloyd</subfield><subfield code="c">A.a. letavet, e.b. kurlyandskaya (eds.)</subfield></datafield><datafield ind1=" " ind2=" " tag="260"><subfield code="a">Oxford</subfield><subfield code="b">Pergamon Press</subfield><subfield code="c">1962</subfield></datafield><datafield ind1=" " ind2=" " tag="300"><subfield code="a">IX+236P</subfield></datafield><datafield ind1=" " ind2=" " tag="500"><subfield code="a">Titlul Original In Limba Rusa: Materiali Po Toksikologii Radioaktivnih Vesestv Vipusk 1 Strontii, Tesii, Rutenii, Radon</subfield></datafield><datafield ind1="1" ind2=" " tag="700"><subfield code="a">Kurlyandskaya, E.B</subfield><subfield code="e">Ed</subfield></datafield><datafield ind1=" " ind2=" " tag="852"><subfield code="a">21139</subfield><subfield code="c">539.12.04</subfield></datafield><datafield ind1=" " ind2=" " tag="CAT"><subfield code="a">Sys</subfield><subfield code="c">20120206</subfield><subfield code="h">134149</subfield></datafield></record></collection>